@misc{helas,
	author = {Murayama, H and Watanabe, I and Hagiwara, Kaoru and K{\=o}-enerug\={\i}-Butsurigaku-Kenky{\=u}sho, Tsukuba},
	publisher = {KEK},
	title = {{HELAS: HELicity Amplitude Subroutines for Feynman diagram evaluations}},
	year = {1992}
}
